@techreport{franke1979critical,
  title={A critical comparison of some methods for interpolation of scattered data},
  author={Franke, Richard},
  year={1979},
  institution={NAVAL POSTGRADUATE SCHOOL MONTEREY CA}
}

@book{hastie2009elements,
  title={The elements of statistical learning: data mining, inference, and prediction},
  author={Hastie, Trevor and Tibshirani, Robert and Friedman, Jerome},
  year={2009},
  publisher={Springer Science \& Business Media}
}

@misc{morten2020lecturenotes,
	title={Lecturenotes FYS-STK4155 â€“ Applied Data Analysis and Machine Learning},
	author={Morten Hjorth-Jensen},
	year={2020}
}

@online{wolframalpha2020expval,
	title={"Expectation Value." From MathWorld--A Wolfram Web Resource.},
	author={Weisstein, Eric W.},
	url={https://mathworld.wolfram.com/ExpectationValue.html},
	urldate={2020}
}
