@misc{AnnikaGit2020, 
	author = {Annika Eriksen}, 
	title = {project 3 sourcecode},
	year = {2020},
	note = {https://github.com/ageriksen/fysstk4155/tree/master/project3},
}

@misc{MortenLectureNotes2020,
	author = {Morten Hjorth Jensen},
	title = {lecturenotes fys-stk4155},
	year = {2020},
	note = {https://compphysics.github.io/MachineLearning/doc/web/course.html},
}
